@misc{DeansSyllabus,
author = {Deans, A. R.},
title = {Insect Biodiversity and Evolution. Fall 2015 syllabus.},
year = {2015}
}

@book{grimaldi2005evolution,
  title={Evolution of the Insects},
  author={Grimaldi, David and Engel, Michael S},
  year={2005},
  publisher={Cambridge University Press}
}

@book{borror1989introduction,
  title={An introduction to the study of insects},
  author={Borror, Donald Joyce and Triplehorn, Charles A and Johnson, Norman F and others},
  edition={6},
  year={1989},
  publisher={Saunders College Publishing}
}

@article{EngelKristensen2013,
author = {Engel, Michael S. and Kristensen, Niels P.},
title = {A History of Entomological Classification},
journal = {Annual Review of Entomology},
volume = {58},
number = {1},
pages = {585--607},
year = {2013},
doi = {10.1146/annurev-ento-120811-153536}
}

@misc{iczn,
author = {{International Commission on Zoological Nomenclature}},
title = {International Code of Zoological Nomenclature},
year = {2000},
howpublished = {\url{http://www.iczn.org/code}},
note = {4th edition, English}
}

@misc{ENT532,
author = {{Open Entomology Project}},
year = {2021},
title = {Insect Biodiversity and Evolution},
howpublished = {\url{https://github.com/OpenEntomology/InsectBiodiversityEvolution}},
note = {Accessed 28 March 2021}
}

@article{baum2008phylogenics,
  title={Phylogenics \& tree-thinking},
  author={Baum, David A and Offner, Susan},
  journal={The American Biology Teacher},
  volume={70},
  number={4},
  pages={222--229},
  year={2008},
  doi={10.1662/0002-7685(2008)70[222:PT]2.0.CO;2}
}


@misc{DWCaGuide,
author = {{Global Biodiversity Information Facility}},
year = {2011},
title = {{Darwin Core Archive Assistant User Guide, Version 1.1}},
howpublished = {\url{http://tools.gbif.org/dwca-assistant/gbif_dwc-a_asst_en_v1.1.pdf}},
note = {Accessed 5 October 2016}
}